@book{benghozi2009internet,
	title={L'Internet Des Objets/The Internet of Things: Quels Enjeux Pour L'Europe?/What Challenges for Europe?},
	author={Benghozi, Pierre-Jean and Bureau, Sylvain and Massit-Foll{\'e}a, Fran{\c{c}}oise},
	year={2009},
	publisher={Les Editions de la MSH}
}

@book{vermesan2014internet,
	title={Internet of Things-From research and innovation to Market Deployment},
	author={Vermesan, Ovidiu and Friess, Peter},
	year={2014},
	publisher={River Publishers}
}

@misc {SoinsIntensifs,
	title = "Soins intensifs - Définition",
	year={2016},
	note="\url{http://sante-medecine.journaldesfemmes.com/faq/45101-soins-intensifs-definition}"
}

@misc {HealthPatch,
	title = "HealthPatch® MD",
	year={2016},
	note   = "\url{http://www.vitalconnect.com/healthpatch-md}"
}

@misc {Cancer,
	title = "Santé : suivre l’évolution d’un cancer grâce à un capteurD",
	year={2015},
	note   = "\url{http://www.objetconnecte.net/sante-cancer-capteur-2108/}"
}

@misc {Diabete,
	title = "Alphabet et DexCom ensemble contre le diabète",
	year={2015},
	note   = "\url{http://www.objetconnecte.net/alphabet-dexcom-diabete-2608/}"
}

@misc {Pansement,
	title = "Le pansement connecté futuriste et autonome",
	year={2015},
	note   = "\url{http://www.objetconnecte.net/pansement-connecte/}"
}

@misc {Muse,
	title = "Muse, le bandeau capteur d’activité cérébrale",
	year={2014},
	note   = "\url{http://webdesobjets.fr/muse-le-bandeau-capteur-dactivite-cerebrale/}"
}

@misc {Localisation,
	title = "Localisation et traçabilité des patients",
	year={2016},
	note   = "\url{http://www.hellopro.fr/localisation-et-tracabilite-des-patients-10290-fr-1-feuille.html}"
}

@misc {Convulsion,
	title = "CES 2016 – Tucky, le patch qui surveille les enfants malades",
	year={2016},
	note   = "\url{http://www.lesnumeriques.com/objet-connecte/e-takescare-tucky-p30533/ces-2016-tucky-patch-qui-surveille-enfants-malades-n48553.html}"
}

@misc {RFID,
	title = "Radio-identification",
	year={2016},
	note   = "\url{https://fr.wikipedia.org/wiki/Radio-identification}"
}

@misc {HTL,
	title = "Capteur Humidité, Température et Luminosité - GCE Electronics",
	year={2016},
	note   = "\url{http://www.planete-domotique.com/capteur-humidite-temperature-et-luminosite-gce-electronics.html}"
}

@misc {VitalPatch,
	title = "VitalPatch™",
	year={2016},
	note   = "\url{http://www.vitalconnect.com/vitalpatch}"
}

@misc {BraceletRFID,
	title = "Système de localisation du personnel hospitalière par RFID Active",
	note   = "\url{http://www.kimaldi.com/kimaldi_fre/secteurs/geriatriques_et_centres_sanitaires/systeme_de_localisation_du_personnel_hospitaliere_par_rfid_active}"
}

@misc {OrangeHealthCare,
	title = "[Infographie] la transformation digitale de l'hôpital",
	note   = "\url{http://www.orange-business.com/fr/blogs/e-sante/hopital-numerique/infographie-la-transformation-digitale-de-l-hopital}"
}