@book{vermesan2014internet,
	title={Internet of Things-From research and innovation to Market Deployment},
	author={Vermesan, Ovidiu and Friess, Peter},
	year={2014},
	publisher={River Publishers}
}

@article{singh2015twenty,
	title={Twenty security considerations for cloud-supported Internet of Things},
	author={Singh, Jatinder and Pasquier, Thomas and Bacon, Jean and Ko, Hajoon and Eyers, David},
	year={2015},
	publisher={IEEE}
}

@inproceedings{gia2015fault,
	title={Fault tolerant and scalable IoT-based architecture for health monitoring},
	author={Gia, Tuan Nguyen and Rahmani, Amir-Mohammad and Westerlund, Tomi and Liljeberg, Pasi and Tenhunen, Hannu},
	booktitle={Sensors Applications Symposium (SAS), 2015 IEEE},
	pages={1--6},
	year={2015},
	organization={IEEE}
}

@article{catarinucci2015iot,
	title={An IoT-Aware Architecture for Smart Healthcare Systems},
	author={Catarinucci, Luca and De Donno, Danilo and Mainetti, Luca and Palano, Luca and Patrono, Luigi and Stefanizzi, Maria Laura and Tarricone, Luciano},
	journal={Internet of Things Journal, IEEE},
	volume={2},
	number={6},
	pages={515--526},
	year={2015},
	publisher={IEEE}
}

@misc {cloud,
	title = "Quelle différence entre Cloud privé et public ?",
	author={Yann Rolland},
	note   = "\url{http://www.computerland.fr/difference-cloud-prive-public/}"
}
